@misc {Statcast,
   url = {https://www.mlb.com/glossary/statcast},
   title = {Statcast: Glossary},
   year = {2022},
   author = {MLB},
}

@misc {W3schools,
   url = {https://www.w3schools.com/default.asp},
   year = {2022},
   author={W3Schools},
   title = {W3Schools Free Online Web Tutorials},
}

@misc {Flask,
   url = {https://flask.palletsprojects.com/en/2.2.x/},
   year = {2022},
   author={Flask},
   title = {Welcome to Flask - Flask Documentation},
}

@misc {FantasyPros,
   url = {https://www.fantasypros.com},
   title = {Fantasy Pros home page},
   author={Fantasy Pros},
   year={2022}
}

@misc {Rotorade,
   url = {https://www.rototrade.com/fantasy-football-trade-analyzer},
   year = {2022},
   author={Rotorade},
   title = {Fantasy Football Trade Analyzer},
}

@misc {DraftWizard,
   url = {https://draftwizard.fantasypros.com/football/mock-draft-simulator/},
   year = {2022},
   title = {Mock Draft Simulator},
   author = {DraftWizard},
}

@misc {Dynasty League,
   author = {Dynasty League Football},
   url = {https://dynastyleaguefootball.com/dynasty-fantasy-football/},
   year = {2022},
   title = {What is a Dynasty Fantasy Football League},
}

@misc {Tupaz,
   url = {https://sites.wp.odu.edu/ltupa001/2022/01/30/four-ethical-issues-in-storing-individuals-information/},
   year = {2022},
   title = {Four Ethical Issues in Storing Individuals Information},
   author = {Tupaz, Luzzitto},
}

@misc {Joyce,
   url = {https://www.splicetoday.com/sports/the-problem-with-fantasy-baseball},
   year = {2017},
   title = {The Problem With Fantasy Baseball},
   author = {Joyce, Tim},
}

@misc {Kravitz,
   url = {https://969thegame.iheart.com/content/2021-03-29-why-is-fantasy-football-so-much-more-popular-than-fantasy-baseball/},
   year = {2021},
   title = {Why is Fantasy Football So Much More Popular Than Fantasy Baseball?},
   author = {Kravitz, Brandon},
}

@misc {ESPN,
   url = {https://www.espn.com/fantasy/},
   year = {2022},
   title = {ESPN Fantasy Sports},
   author = {ESPN},
}

@misc {Baseball Reference,
   url = {https://www.baseball-reference.com/},
   year = {2022},
   title = {Baseball Reference Home Page},
   author = {Baseball Reference},
}

